%YAML 1.1
%TAG !u! tag:unity3d.com,2011:
--- !u!29 &1
OcclusionCullingSettings:
  m_ObjectHideFlags: 0
  serializedVersion: 2
  m_OcclusionBakeSettings:
    smallestOccluder: 5
    smallestHole: 0.25
    backfaceThreshold: 100
  m_SceneGUID: 00000000000000000000000000000000
  m_OcclusionCullingData: {fileID: 0}
--- !u!104 &2
RenderSettings:
  m_ObjectHideFlags: 0
  serializedVersion: 8
  m_Fog: 0
  m_FogColor: {r: 0.5, g: 0.5, b: 0.5, a: 1}
  m_FogMode: 3
  m_FogDensity: 0.01
  m_LinearFogStart: 0
  m_LinearFogEnd: 300
  m_AmbientSkyColor: {r: 0.212, g: 0.227, b: 0.259, a: 1}
  m_AmbientEquatorColor: {r: 0.114, g: 0.125, b: 0.133, a: 1}
  m_AmbientGroundColor: {r: 0.047, g: 0.043, b: 0.035, a: 1}
  m_AmbientIntensity: 1
  m_AmbientMode: 0
  m_SubtractiveShadowColor: {r: 0.42, g: 0.478, b: 0.627, a: 1}
  m_SkyboxMaterial: {fileID: 10304, guid: 0000000000000000f000000000000000, type: 0}
  m_HaloStrength: 0.5
  m_FlareStrength: 1
  m_FlareFadeSpeed: 3
  m_HaloTexture: {fileID: 0}
  m_SpotCookie: {fileID: 10001, guid: 0000000000000000e000000000000000, type: 0}
  m_DefaultReflectionMode: 0
  m_DefaultReflectionResolution: 128
  m_ReflectionBounces: 1
  m_ReflectionIntensity: 1
  m_CustomReflection: {fileID: 0}
  m_Sun: {fileID: 0}
  m_IndirectSpecularColor: {r: 0.44657898, g: 0.4964133, b: 0.5748178, a: 1}
--- !u!157 &3
LightmapSettings:
  m_ObjectHideFlags: 0
  serializedVersion: 11
  m_GIWorkflowMode: 0
  m_GISettings:
    serializedVersion: 2
    m_BounceScale: 1
    m_IndirectOutputScale: 1
    m_AlbedoBoost: 1
    m_TemporalCoherenceThreshold: 1
    m_EnvironmentLightingMode: 0
    m_EnableBakedLightmaps: 1
    m_EnableRealtimeLightmaps: 1
  m_LightmapEditorSettings:
    serializedVersion: 9
    m_Resolution: 2
    m_BakeResolution: 40
    m_TextureWidth: 1024
    m_TextureHeight: 1024
    m_AO: 0
    m_AOMaxDistance: 1
    m_CompAOExponent: 1
    m_CompAOExponentDirect: 0
    m_Padding: 2
    m_LightmapParameters: {fileID: 0}
    m_LightmapsBakeMode: 1
    m_TextureCompression: 1
    m_FinalGather: 0
    m_FinalGatherFiltering: 1
    m_FinalGatherRayCount: 256
    m_ReflectionCompression: 2
    m_MixedBakeMode: 2
    m_BakeBackend: 0
    m_PVRSampling: 1
    m_PVRDirectSampleCount: 32
    m_PVRSampleCount: 500
    m_PVRBounces: 2
    m_PVRFilterTypeDirect: 0
    m_PVRFilterTypeIndirect: 0
    m_PVRFilterTypeAO: 0
    m_PVRFilteringMode: 1
    m_PVRCulling: 1
    m_PVRFilteringGaussRadiusDirect: 1
    m_PVRFilteringGaussRadiusIndirect: 5
    m_PVRFilteringGaussRadiusAO: 2
    m_PVRFilteringAtrousPositionSigmaDirect: 0.5
    m_PVRFilteringAtrousPositionSigmaIndirect: 2
    m_PVRFilteringAtrousPositionSigmaAO: 1
    m_ShowResolutionOverlay: 1
  m_LightingDataAsset: {fileID: 0}
  m_UseShadowmask: 1
--- !u!196 &4
NavMeshSettings:
  serializedVersion: 2
  m_ObjectHideFlags: 0
  m_BuildSettings:
    serializedVersion: 2
    agentTypeID: 0
    agentRadius: 0.5
    agentHeight: 2
    agentSlope: 45
    agentClimb: 0.4
    ledgeDropHeight: 0
    maxJumpAcrossDistance: 0
    minRegionArea: 2
    manualCellSize: 0
    cellSize: 0.16666667
    manualTileSize: 0
    tileSize: 256
    accuratePlacement: 0
    debug:
      m_Flags: 0
  m_NavMeshData: {fileID: 0}
--- !u!1 &264747600
GameObject:
  m_ObjectHideFlags: 0
  m_PrefabParentObject: {fileID: 163972, guid: ee3eae92beca6b5478454ea7caebffda, type: 2}
  m_PrefabInternal: {fileID: 0}
  serializedVersion: 5
  m_Component:
  - component: {fileID: 264747601}
  - component: {fileID: 264747603}
  - component: {fileID: 264747602}
  m_Layer: 0
  m_Name: LeftEyeAnchor
  m_TagString: MainCamera
  m_Icon: {fileID: 0}
  m_NavMeshLayer: 0
  m_StaticEditorFlags: 0
  m_IsActive: 1
--- !u!4 &264747601
Transform:
  m_ObjectHideFlags: 0
  m_PrefabParentObject: {fileID: 463880, guid: ee3eae92beca6b5478454ea7caebffda, type: 2}
  m_PrefabInternal: {fileID: 0}
  m_GameObject: {fileID: 264747600}
  m_LocalRotation: {x: 0, y: 0, z: 0, w: 1}
  m_LocalPosition: {x: 0, y: 0, z: 0}
  m_LocalScale: {x: 1, y: 1, z: 1}
  m_Children: []
  m_Father: {fileID: 1064629551}
  m_RootOrder: 0
  m_LocalEulerAnglesHint: {x: 0, y: 0, z: 0}
--- !u!124 &264747602
Behaviour:
  m_ObjectHideFlags: 0
  m_PrefabParentObject: {fileID: 12463862, guid: ee3eae92beca6b5478454ea7caebffda,
    type: 2}
  m_PrefabInternal: {fileID: 0}
  m_GameObject: {fileID: 264747600}
  m_Enabled: 1
--- !u!20 &264747603
Camera:
  m_ObjectHideFlags: 0
  m_PrefabParentObject: {fileID: 2063862, guid: ee3eae92beca6b5478454ea7caebffda,
    type: 2}
  m_PrefabInternal: {fileID: 0}
  m_GameObject: {fileID: 264747600}
  m_Enabled: 0
  serializedVersion: 2
  m_ClearFlags: 1
  m_BackGroundColor: {r: 0.19215687, g: 0.3019608, b: 0.4745098, a: 0.019607844}
  m_NormalizedViewPortRect:
    serializedVersion: 2
    x: 0
    y: 0
    width: 1
    height: 1
  near clip plane: 0.1
  far clip plane: 3000
  field of view: 60
  orthographic: 0
  orthographic size: 5
  m_Depth: 0
  m_CullingMask:
    serializedVersion: 2
    m_Bits: 4294967295
  m_RenderingPath: -1
  m_TargetTexture: {fileID: 0}
  m_TargetDisplay: 0
  m_TargetEye: 1
  m_HDR: 0
  m_AllowMSAA: 1
  m_AllowDynamicResolution: 0
  m_ForceIntoRT: 0
  m_OcclusionCulling: 1
  m_StereoConvergence: 10
  m_StereoSeparation: 0.022
--- !u!1001 &705939931
Prefab:
  m_ObjectHideFlags: 0
  serializedVersion: 2
  m_Modification:
    m_TransformParent: {fileID: 1212207242}
    m_Modifications:
    - target: {fileID: 4275538408688424, guid: 8d12c85336fc29b469b047e16383299c, type: 2}
      propertyPath: m_LocalPosition.x
      value: 0.073
      objectReference: {fileID: 0}
    - target: {fileID: 4275538408688424, guid: 8d12c85336fc29b469b047e16383299c, type: 2}
      propertyPath: m_LocalPosition.y
      value: 0
      objectReference: {fileID: 0}
    - target: {fileID: 4275538408688424, guid: 8d12c85336fc29b469b047e16383299c, type: 2}
      propertyPath: m_LocalPosition.z
      value: 0.142
      objectReference: {fileID: 0}
    - target: {fileID: 4275538408688424, guid: 8d12c85336fc29b469b047e16383299c, type: 2}
      propertyPath: m_LocalRotation.x
      value: 0
      objectReference: {fileID: 0}
    - target: {fileID: 4275538408688424, guid: 8d12c85336fc29b469b047e16383299c, type: 2}
      propertyPath: m_LocalRotation.y
      value: 0
      objectReference: {fileID: 0}
    - target: {fileID: 4275538408688424, guid: 8d12c85336fc29b469b047e16383299c, type: 2}
      propertyPath: m_LocalRotation.z
      value: 0
      objectReference: {fileID: 0}
    - target: {fileID: 4275538408688424, guid: 8d12c85336fc29b469b047e16383299c, type: 2}
      propertyPath: m_LocalRotation.w
      value: 1
      objectReference: {fileID: 0}
    - target: {fileID: 4275538408688424, guid: 8d12c85336fc29b469b047e16383299c, type: 2}
      propertyPath: m_RootOrder
      value: 0
      objectReference: {fileID: 0}
    - target: {fileID: 4017434450263342, guid: 8d12c85336fc29b469b047e16383299c, type: 2}
      propertyPath: m_LocalPosition.x
      value: 0
      objectReference: {fileID: 0}
    - target: {fileID: 4017434450263342, guid: 8d12c85336fc29b469b047e16383299c, type: 2}
      propertyPath: m_LocalPosition.y
      value: -4.78
      objectReference: {fileID: 0}
    - target: {fileID: 4017434450263342, guid: 8d12c85336fc29b469b047e16383299c, type: 2}
      propertyPath: m_LocalPosition.z
      value: 0.17
      objectReference: {fileID: 0}
    - target: {fileID: 4017434450263342, guid: 8d12c85336fc29b469b047e16383299c, type: 2}
      propertyPath: m_LocalRotation.x
      value: 0.6918256
      objectReference: {fileID: 0}
    - target: {fileID: 4017434450263342, guid: 8d12c85336fc29b469b047e16383299c, type: 2}
      propertyPath: m_LocalRotation.w
      value: 0.72206473
      objectReference: {fileID: 0}
    - target: {fileID: 4017434450263342, guid: 8d12c85336fc29b469b047e16383299c, type: 2}
      propertyPath: m_LocalEulerAnglesHint.x
      value: 87.55
      objectReference: {fileID: 0}
    - target: {fileID: 4017434450263342, guid: 8d12c85336fc29b469b047e16383299c, type: 2}
      propertyPath: m_LocalRotation.y
      value: -0.00000028646684
      objectReference: {fileID: 0}
    - target: {fileID: 4017434450263342, guid: 8d12c85336fc29b469b047e16383299c, type: 2}
      propertyPath: m_LocalRotation.z
      value: -0.00000026144215
      objectReference: {fileID: 0}
    - target: {fileID: 4017434450263342, guid: 8d12c85336fc29b469b047e16383299c, type: 2}
      propertyPath: m_LocalEulerAnglesHint.y
      value: -0.001
      objectReference: {fileID: 0}
    - target: {fileID: 4017434450263342, guid: 8d12c85336fc29b469b047e16383299c, type: 2}
      propertyPath: m_LocalEulerAnglesHint.z
      value: -0.001
      objectReference: {fileID: 0}
    - target: {fileID: 4643938872108920, guid: 8d12c85336fc29b469b047e16383299c, type: 2}
      propertyPath: m_LocalPosition.x
      value: 0
      objectReference: {fileID: 0}
    - target: {fileID: 4643938872108920, guid: 8d12c85336fc29b469b047e16383299c, type: 2}
      propertyPath: m_LocalPosition.z
      value: 0
      objectReference: {fileID: 0}
    - target: {fileID: 4643938872108920, guid: 8d12c85336fc29b469b047e16383299c, type: 2}
      propertyPath: m_LocalPosition.y
      value: 1.5
      objectReference: {fileID: 0}
    m_RemovedComponents: []
  m_ParentPrefab: {fileID: 100100000, guid: 8d12c85336fc29b469b047e16383299c, type: 2}
  m_IsPrefabParent: 0
--- !u!1 &705939932 stripped
GameObject:
  m_PrefabParentObject: {fileID: 1564393779413728, guid: 8d12c85336fc29b469b047e16383299c,
    type: 2}
  m_PrefabInternal: {fileID: 705939931}
--- !u!4 &705939933 stripped
Transform:
  m_PrefabParentObject: {fileID: 4275538408688424, guid: 8d12c85336fc29b469b047e16383299c,
    type: 2}
  m_PrefabInternal: {fileID: 705939931}
--- !u!1 &705939934 stripped
GameObject:
  m_PrefabParentObject: {fileID: 1474183125107524, guid: 8d12c85336fc29b469b047e16383299c,
    type: 2}
  m_PrefabInternal: {fileID: 705939931}
--- !u!1 &705939935 stripped
GameObject:
  m_PrefabParentObject: {fileID: 1047161847293250, guid: 8d12c85336fc29b469b047e16383299c,
    type: 2}
  m_PrefabInternal: {fileID: 705939931}
--- !u!1 &808480255
GameObject:
  m_ObjectHideFlags: 0
  m_PrefabParentObject: {fileID: 0}
  m_PrefabInternal: {fileID: 0}
  serializedVersion: 5
  m_Component:
  - component: {fileID: 808480257}
  - component: {fileID: 808480256}
  m_Layer: 0
  m_Name: Directional Light
  m_TagString: Untagged
  m_Icon: {fileID: 0}
  m_NavMeshLayer: 0
  m_StaticEditorFlags: 0
  m_IsActive: 1
--- !u!108 &808480256
Light:
  m_ObjectHideFlags: 0
  m_PrefabParentObject: {fileID: 0}
  m_PrefabInternal: {fileID: 0}
  m_GameObject: {fileID: 808480255}
  m_Enabled: 1
  serializedVersion: 8
  m_Type: 1
  m_Color: {r: 1, g: 0.95686275, b: 0.8392157, a: 1}
  m_Intensity: 1
  m_Range: 10
  m_SpotAngle: 30
  m_CookieSize: 10
  m_Shadows:
    m_Type: 2
    m_Resolution: -1
    m_CustomResolution: -1
    m_Strength: 1
    m_Bias: 0.05
    m_NormalBias: 0.4
    m_NearPlane: 0.2
  m_Cookie: {fileID: 0}
  m_DrawHalo: 0
  m_Flare: {fileID: 0}
  m_RenderMode: 0
  m_CullingMask:
    serializedVersion: 2
    m_Bits: 4294967295
  m_Lightmapping: 4
  m_AreaSize: {x: 1, y: 1}
  m_BounceIntensity: 1
  m_ColorTemperature: 6570
  m_UseColorTemperature: 0
  m_ShadowRadius: 0
  m_ShadowAngle: 0
--- !u!4 &808480257
Transform:
  m_ObjectHideFlags: 0
  m_PrefabParentObject: {fileID: 0}
  m_PrefabInternal: {fileID: 0}
  m_GameObject: {fileID: 808480255}
  m_LocalRotation: {x: 0.40821788, y: -0.23456968, z: 0.10938163, w: 0.8754261}
  m_LocalPosition: {x: 0, y: 3, z: 0}
  m_LocalScale: {x: 1, y: 1, z: 1}
  m_Children: []
  m_Father: {fileID: 0}
  m_RootOrder: 1
  m_LocalEulerAnglesHint: {x: 50, y: -30, z: 0}
--- !u!1 &930149181
GameObject:
  m_ObjectHideFlags: 0
  m_PrefabParentObject: {fileID: 163872, guid: ee3eae92beca6b5478454ea7caebffda, type: 2}
  m_PrefabInternal: {fileID: 0}
  serializedVersion: 5
  m_Component:
  - component: {fileID: 930149184}
  - component: {fileID: 930149183}
  - component: {fileID: 930149182}
  m_Layer: 11
  m_Name: SamplePlayerController
  m_TagString: Untagged
  m_Icon: {fileID: 0}
  m_NavMeshLayer: 0
  m_StaticEditorFlags: 0
  m_IsActive: 1
--- !u!114 &930149182
MonoBehaviour:
  m_ObjectHideFlags: 0
  m_PrefabParentObject: {fileID: 11463868, guid: ee3eae92beca6b5478454ea7caebffda,
    type: 2}
  m_PrefabInternal: {fileID: 0}
  m_GameObject: {fileID: 930149181}
  m_Enabled: 1
  m_EditorHideFlags: 0
  m_Script: {fileID: 11500000, guid: c8267eb6d0f679243abfd4f693980fab, type: 3}
  m_Name: 
  m_EditorClassIdentifier: 
  Acceleration: 0.08
  Damping: 0.3
  BackAndSideDampen: 0.5
  JumpForce: 0.3
  RotationAmount: 1.5
  RotationRatchet: 45
  HmdResetsY: 1
  HmdRotatesY: 1
  GravityModifier: 0.379
  useProfileData: 1
  runButton: 1
  alternateRunButton: 32768
  rotationSnap: 0
  axisDeadZone: 0.1
--- !u!143 &930149183
CharacterController:
  m_ObjectHideFlags: 0
  m_PrefabParentObject: {fileID: 14363862, guid: ee3eae92beca6b5478454ea7caebffda,
    type: 2}
  m_PrefabInternal: {fileID: 0}
  m_GameObject: {fileID: 930149181}
  m_Material: {fileID: 0}
  m_IsTrigger: 0
  m_Enabled: 1
  serializedVersion: 2
  m_Height: 2
  m_Radius: 0.5
  m_SlopeLimit: 45
  m_StepOffset: 0.3
  m_SkinWidth: 0.01
  m_MinMoveDistance: 0
  m_Center: {x: 0, y: 0, z: 0}
--- !u!4 &930149184
Transform:
  m_ObjectHideFlags: 0
  m_PrefabParentObject: {fileID: 463864, guid: ee3eae92beca6b5478454ea7caebffda, type: 2}
  m_PrefabInternal: {fileID: 0}
  m_GameObject: {fileID: 930149181}
  m_LocalRotation: {x: 0, y: 0, z: 0, w: 1}
  m_LocalPosition: {x: 733.56, y: 352.41, z: -567.487}
  m_LocalScale: {x: 1, y: 1, z: 1}
  m_Children:
  - {fileID: 1578922952}
  - {fileID: 1879895297}
  m_Father: {fileID: 0}
  m_RootOrder: 5
  m_LocalEulerAnglesHint: {x: 0, y: 0, z: 0}
--- !u!1 &938625586
GameObject:
  m_ObjectHideFlags: 0
  m_PrefabParentObject: {fileID: 0}
  m_PrefabInternal: {fileID: 0}
  serializedVersion: 5
  m_Component:
  - component: {fileID: 938625590}
  - component: {fileID: 938625589}
  - component: {fileID: 938625588}
  - component: {fileID: 938625587}
  m_Layer: 5
  m_Name: Canvas
  m_TagString: Untagged
  m_Icon: {fileID: 0}
  m_NavMeshLayer: 0
  m_StaticEditorFlags: 0
  m_IsActive: 1
--- !u!114 &938625587
MonoBehaviour:
  m_ObjectHideFlags: 0
  m_PrefabParentObject: {fileID: 0}
  m_PrefabInternal: {fileID: 0}
  m_GameObject: {fileID: 938625586}
  m_Enabled: 1
  m_EditorHideFlags: 0
  m_Script: {fileID: 1301386320, guid: f5f67c52d1564df4a8936ccd202a3bd8, type: 3}
  m_Name: 
  m_EditorClassIdentifier: 
  m_IgnoreReversedGraphics: 1
  m_BlockingObjects: 0
  m_BlockingMask:
    serializedVersion: 2
    m_Bits: 4294967295
--- !u!114 &938625588
MonoBehaviour:
  m_ObjectHideFlags: 0
  m_PrefabParentObject: {fileID: 0}
  m_PrefabInternal: {fileID: 0}
  m_GameObject: {fileID: 938625586}
  m_Enabled: 1
  m_EditorHideFlags: 0
  m_Script: {fileID: 1980459831, guid: f5f67c52d1564df4a8936ccd202a3bd8, type: 3}
  m_Name: 
  m_EditorClassIdentifier: 
  m_UiScaleMode: 0
  m_ReferencePixelsPerUnit: 100
  m_ScaleFactor: 1
  m_ReferenceResolution: {x: 800, y: 600}
  m_ScreenMatchMode: 0
  m_MatchWidthOrHeight: 0
  m_PhysicalUnit: 3
  m_FallbackScreenDPI: 96
  m_DefaultSpriteDPI: 96
  m_DynamicPixelsPerUnit: 1
--- !u!223 &938625589
Canvas:
  m_ObjectHideFlags: 0
  m_PrefabParentObject: {fileID: 0}
  m_PrefabInternal: {fileID: 0}
  m_GameObject: {fileID: 938625586}
  m_Enabled: 1
  serializedVersion: 3
  m_RenderMode: 1
  m_Camera: {fileID: 1095626346}
  m_PlaneDistance: 100
  m_PixelPerfect: 0
  m_ReceivesEvents: 1
  m_OverrideSorting: 0
  m_OverridePixelPerfect: 0
  m_SortingBucketNormalizedSize: 0
  m_AdditionalShaderChannelsFlag: 0
  m_SortingLayerID: 0
  m_SortingOrder: 0
  m_TargetDisplay: 0
--- !u!224 &938625590
RectTransform:
  m_ObjectHideFlags: 0
  m_PrefabParentObject: {fileID: 0}
  m_PrefabInternal: {fileID: 0}
  m_GameObject: {fileID: 938625586}
  m_LocalRotation: {x: 0, y: 0, z: 0, w: 1}
  m_LocalPosition: {x: 0, y: 0, z: 0}
  m_LocalScale: {x: 0, y: 0, z: 0}
  m_Children:
  - {fileID: 2012254353}
  m_Father: {fileID: 0}
  m_RootOrder: 2
  m_LocalEulerAnglesHint: {x: 0, y: 0, z: 0}
  m_AnchorMin: {x: 0, y: 0}
  m_AnchorMax: {x: 0, y: 0}
  m_AnchoredPosition: {x: 0, y: 0}
  m_SizeDelta: {x: 0, y: 0}
  m_Pivot: {x: 0, y: 0}
--- !u!1 &993745119
GameObject:
  m_ObjectHideFlags: 0
  m_PrefabParentObject: {fileID: 0}
  m_PrefabInternal: {fileID: 0}
  serializedVersion: 5
  m_Component:
  - component: {fileID: 993745123}
  - component: {fileID: 993745122}
  - component: {fileID: 993745121}
  - component: {fileID: 993745120}
  m_Layer: 0
  m_Name: Main Camera
  m_TagString: MainCamera
  m_Icon: {fileID: 0}
  m_NavMeshLayer: 0
  m_StaticEditorFlags: 0
  m_IsActive: 1
--- !u!81 &993745120
AudioListener:
  m_ObjectHideFlags: 0
  m_PrefabParentObject: {fileID: 0}
  m_PrefabInternal: {fileID: 0}
  m_GameObject: {fileID: 993745119}
  m_Enabled: 1
--- !u!124 &993745121
Behaviour:
  m_ObjectHideFlags: 0
  m_PrefabParentObject: {fileID: 0}
  m_PrefabInternal: {fileID: 0}
  m_GameObject: {fileID: 993745119}
  m_Enabled: 1
--- !u!20 &993745122
Camera:
  m_ObjectHideFlags: 0
  m_PrefabParentObject: {fileID: 0}
  m_PrefabInternal: {fileID: 0}
  m_GameObject: {fileID: 993745119}
  m_Enabled: 1
  serializedVersion: 2
  m_ClearFlags: 1
  m_BackGroundColor: {r: 0.19215687, g: 0.3019608, b: 0.4745098, a: 0}
  m_NormalizedViewPortRect:
    serializedVersion: 2
    x: 0
    y: 0
    width: 1
    height: 1
  near clip plane: 0.3
  far clip plane: 1000
  field of view: 60
  orthographic: 0
  orthographic size: 5
  m_Depth: -1
  m_CullingMask:
    serializedVersion: 2
    m_Bits: 4294967295
  m_RenderingPath: -1
  m_TargetTexture: {fileID: 0}
  m_TargetDisplay: 0
  m_TargetEye: 3
  m_HDR: 1
  m_AllowMSAA: 1
  m_AllowDynamicResolution: 0
  m_ForceIntoRT: 0
  m_OcclusionCulling: 1
  m_StereoConvergence: 10
  m_StereoSeparation: 0.022
--- !u!4 &993745123
Transform:
  m_ObjectHideFlags: 0
  m_PrefabParentObject: {fileID: 0}
  m_PrefabInternal: {fileID: 0}
  m_GameObject: {fileID: 993745119}
  m_LocalRotation: {x: 0, y: 0, z: 0, w: 1}
  m_LocalPosition: {x: 0, y: 1, z: -10}
  m_LocalScale: {x: 1, y: 1, z: 1}
  m_Children: []
  m_Father: {fileID: 0}
  m_RootOrder: 0
  m_LocalEulerAnglesHint: {x: 0, y: 0, z: 0}
--- !u!1 &1064629550
GameObject:
  m_ObjectHideFlags: 0
  m_PrefabParentObject: {fileID: 163982, guid: ee3eae92beca6b5478454ea7caebffda, type: 2}
  m_PrefabInternal: {fileID: 0}
  serializedVersion: 5
  m_Component:
  - component: {fileID: 1064629551}
  m_Layer: 0
  m_Name: TrackingSpace
  m_TagString: Untagged
  m_Icon: {fileID: 0}
  m_NavMeshLayer: 0
  m_StaticEditorFlags: 0
  m_IsActive: 1
--- !u!4 &1064629551
Transform:
  m_ObjectHideFlags: 0
  m_PrefabParentObject: {fileID: 463884, guid: ee3eae92beca6b5478454ea7caebffda, type: 2}
  m_PrefabInternal: {fileID: 0}
  m_GameObject: {fileID: 1064629550}
  m_LocalRotation: {x: 0, y: 0, z: 0, w: 1}
  m_LocalPosition: {x: 0, y: 0, z: 0}
  m_LocalScale: {x: 1, y: 1, z: 1}
  m_Children:
  - {fileID: 264747601}
  - {fileID: 1095626345}
  - {fileID: 1282435305}
  - {fileID: 2083099980}
  - {fileID: 1212207242}
  - {fileID: 1149839138}
  m_Father: {fileID: 1879895297}
  m_RootOrder: 0
  m_LocalEulerAnglesHint: {x: 0, y: 0, z: 0}
--- !u!1 &1095626344
GameObject:
  m_ObjectHideFlags: 0
  m_PrefabParentObject: {fileID: 163936, guid: ee3eae92beca6b5478454ea7caebffda, type: 2}
  m_PrefabInternal: {fileID: 0}
  serializedVersion: 5
  m_Component:
  - component: {fileID: 1095626345}
  - component: {fileID: 1095626347}
  - component: {fileID: 1095626346}
  m_Layer: 0
  m_Name: CenterEyeAnchor
  m_TagString: MainCamera
  m_Icon: {fileID: 0}
  m_NavMeshLayer: 0
  m_StaticEditorFlags: 0
  m_IsActive: 1
--- !u!4 &1095626345
Transform:
  m_ObjectHideFlags: 0
  m_PrefabParentObject: {fileID: 463870, guid: ee3eae92beca6b5478454ea7caebffda, type: 2}
  m_PrefabInternal: {fileID: 0}
  m_GameObject: {fileID: 1095626344}
  m_LocalRotation: {x: 0, y: 0, z: 0, w: 1}
  m_LocalPosition: {x: 0, y: 0, z: 0}
  m_LocalScale: {x: 1, y: 1, z: 1}
  m_Children: []
  m_Father: {fileID: 1064629551}
  m_RootOrder: 1
  m_LocalEulerAnglesHint: {x: 0, y: 0, z: 0}
--- !u!20 &1095626346
Camera:
  m_ObjectHideFlags: 0
  m_PrefabParentObject: {fileID: 0}
  m_PrefabInternal: {fileID: 0}
  m_GameObject: {fileID: 1095626344}
  m_Enabled: 1
  serializedVersion: 2
  m_ClearFlags: 1
  m_BackGroundColor: {r: 0.19215687, g: 0.3019608, b: 0.4745098, a: 0.019607844}
  m_NormalizedViewPortRect:
    serializedVersion: 2
    x: 0
    y: 0
    width: 1
    height: 1
  near clip plane: 0.03
  far clip plane: 3000
  field of view: 60
  orthographic: 0
  orthographic size: 5
  m_Depth: 0
  m_CullingMask:
    serializedVersion: 2
    m_Bits: 4294967295
  m_RenderingPath: -1
  m_TargetTexture: {fileID: 0}
  m_TargetDisplay: 0
  m_TargetEye: 3
  m_HDR: 0
  m_AllowMSAA: 1
  m_AllowDynamicResolution: 0
  m_ForceIntoRT: 0
  m_OcclusionCulling: 1
  m_StereoConvergence: 10
  m_StereoSeparation: 0.022
--- !u!81 &1095626347
AudioListener:
  m_ObjectHideFlags: 0
  m_PrefabParentObject: {fileID: 8163862, guid: ee3eae92beca6b5478454ea7caebffda,
    type: 2}
  m_PrefabInternal: {fileID: 0}
  m_GameObject: {fileID: 1095626344}
  m_Enabled: 1
--- !u!1 &1149839137
GameObject:
  m_ObjectHideFlags: 0
  m_PrefabParentObject: {fileID: 0}
  m_PrefabInternal: {fileID: 0}
  serializedVersion: 5
  m_Component:
  - component: {fileID: 1149839138}
  - component: {fileID: 1149839139}
  m_Layer: 0
  m_Name: RightHandAnchor
  m_TagString: Untagged
  m_Icon: {fileID: 0}
  m_NavMeshLayer: 0
  m_StaticEditorFlags: 0
  m_IsActive: 1
--- !u!4 &1149839138
Transform:
  m_ObjectHideFlags: 0
  m_PrefabParentObject: {fileID: 0}
  m_PrefabInternal: {fileID: 0}
  m_GameObject: {fileID: 1149839137}
  m_LocalRotation: {x: 0, y: 0, z: 0, w: 1}
  m_LocalPosition: {x: 0, y: 0, z: 0}
  m_LocalScale: {x: 1, y: 1, z: 1}
  m_Children: []
  m_Father: {fileID: 1064629551}
  m_RootOrder: 5
  m_LocalEulerAnglesHint: {x: 0, y: 0, z: 0}
--- !u!114 &1149839139
MonoBehaviour:
  m_ObjectHideFlags: 0
  m_PrefabParentObject: {fileID: 0}
  m_PrefabInternal: {fileID: 0}
  m_GameObject: {fileID: 1149839137}
  m_Enabled: 1
  m_EditorHideFlags: 0
  m_Script: {fileID: 11500000, guid: 0c0375b3141fe6a4bab23c2fd4f38a29, type: 3}
  m_Name: 
  m_EditorClassIdentifier: 
  trackedObj: {fileID: 1149839137}
  stringAttachPoint: {fileID: 705939935}
  arrowStartPoint: {fileID: 705939934}
  stringStartPoint: {fileID: 705939932}
  arrowPrefab: {fileID: 171412, guid: 8bdc2dccd64c62d408f23cfc980daffb, type: 2}
  tnt: {fileID: 1429611150092944, guid: 03f34e0a3e4858b4cad49610bcd42024, type: 2}
  bow: {fileID: 0}
  trajectory: {fileID: 0}
  fist: {x: 0, y: 0, z: 0}
--- !u!1 &1212207241
GameObject:
  m_ObjectHideFlags: 0
  m_PrefabParentObject: {fileID: 0}
  m_PrefabInternal: {fileID: 0}
  serializedVersion: 5
  m_Component:
  - component: {fileID: 1212207242}
  m_Layer: 0
  m_Name: LeftHandAnchor
  m_TagString: Untagged
  m_Icon: {fileID: 0}
  m_NavMeshLayer: 0
  m_StaticEditorFlags: 0
  m_IsActive: 1
--- !u!4 &1212207242
Transform:
  m_ObjectHideFlags: 0
  m_PrefabParentObject: {fileID: 0}
  m_PrefabInternal: {fileID: 0}
  m_GameObject: {fileID: 1212207241}
  m_LocalRotation: {x: 0, y: 0, z: 0, w: 1}
  m_LocalPosition: {x: 0, y: 0, z: 0}
  m_LocalScale: {x: 1, y: 1, z: 1}
  m_Children:
  - {fileID: 705939933}
  m_Father: {fileID: 1064629551}
  m_RootOrder: 4
  m_LocalEulerAnglesHint: {x: 0, y: 0, z: 0}
--- !u!1 &1282435304
GameObject:
  m_ObjectHideFlags: 0
  m_PrefabParentObject: {fileID: 163974, guid: ee3eae92beca6b5478454ea7caebffda, type: 2}
  m_PrefabInternal: {fileID: 0}
  serializedVersion: 5
  m_Component:
  - component: {fileID: 1282435305}
  - component: {fileID: 1282435307}
  - component: {fileID: 1282435306}
  m_Layer: 0
  m_Name: RightEyeAnchor
  m_TagString: MainCamera
  m_Icon: {fileID: 0}
  m_NavMeshLayer: 0
  m_StaticEditorFlags: 0
  m_IsActive: 1
--- !u!4 &1282435305
Transform:
  m_ObjectHideFlags: 0
  m_PrefabParentObject: {fileID: 463882, guid: ee3eae92beca6b5478454ea7caebffda, type: 2}
  m_PrefabInternal: {fileID: 0}
  m_GameObject: {fileID: 1282435304}
  m_LocalRotation: {x: 0, y: 0, z: 0, w: 1}
  m_LocalPosition: {x: 0, y: 0, z: 0}
  m_LocalScale: {x: 1, y: 1, z: 1}
  m_Children: []
  m_Father: {fileID: 1064629551}
  m_RootOrder: 2
  m_LocalEulerAnglesHint: {x: 0, y: 0, z: 0}
--- !u!124 &1282435306
Behaviour:
  m_ObjectHideFlags: 0
  m_PrefabParentObject: {fileID: 12463864, guid: ee3eae92beca6b5478454ea7caebffda,
    type: 2}
  m_PrefabInternal: {fileID: 0}
  m_GameObject: {fileID: 1282435304}
  m_Enabled: 1
--- !u!20 &1282435307
Camera:
  m_ObjectHideFlags: 0
  m_PrefabParentObject: {fileID: 2063864, guid: ee3eae92beca6b5478454ea7caebffda,
    type: 2}
  m_PrefabInternal: {fileID: 0}
  m_GameObject: {fileID: 1282435304}
  m_Enabled: 0
  serializedVersion: 2
  m_ClearFlags: 1
  m_BackGroundColor: {r: 0.19215687, g: 0.3019608, b: 0.4745098, a: 0.019607844}
  m_NormalizedViewPortRect:
    serializedVersion: 2
    x: 0
    y: 0
    width: 1
    height: 1
  near clip plane: 0.1
  far clip plane: 3000
  field of view: 60
  orthographic: 0
  orthographic size: 5
  m_Depth: 0
  m_CullingMask:
    serializedVersion: 2
    m_Bits: 4294967295
  m_RenderingPath: -1
  m_TargetTexture: {fileID: 0}
  m_TargetDisplay: 0
  m_TargetEye: 2
  m_HDR: 0
  m_AllowMSAA: 1
  m_AllowDynamicResolution: 0
  m_ForceIntoRT: 0
  m_OcclusionCulling: 1
  m_StereoConvergence: 10
  m_StereoSeparation: 0.022
--- !u!1 &1421279279
GameObject:
  m_ObjectHideFlags: 0
  m_PrefabParentObject: {fileID: 0}
  m_PrefabInternal: {fileID: 0}
  serializedVersion: 5
  m_Component:
  - component: {fileID: 1421279282}
  - component: {fileID: 1421279281}
  - component: {fileID: 1421279280}
  m_Layer: 0
  m_Name: EventSystem
  m_TagString: Untagged
  m_Icon: {fileID: 0}
  m_NavMeshLayer: 0
  m_StaticEditorFlags: 0
  m_IsActive: 1
--- !u!114 &1421279280
MonoBehaviour:
  m_ObjectHideFlags: 0
  m_PrefabParentObject: {fileID: 0}
  m_PrefabInternal: {fileID: 0}
  m_GameObject: {fileID: 1421279279}
  m_Enabled: 1
  m_EditorHideFlags: 0
  m_Script: {fileID: 1077351063, guid: f5f67c52d1564df4a8936ccd202a3bd8, type: 3}
  m_Name: 
  m_EditorClassIdentifier: 
  m_HorizontalAxis: Horizontal
  m_VerticalAxis: Vertical
  m_SubmitButton: Submit
  m_CancelButton: Cancel
  m_InputActionsPerSecond: 10
  m_RepeatDelay: 0.5
  m_ForceModuleActive: 0
--- !u!114 &1421279281
MonoBehaviour:
  m_ObjectHideFlags: 0
  m_PrefabParentObject: {fileID: 0}
  m_PrefabInternal: {fileID: 0}
  m_GameObject: {fileID: 1421279279}
  m_Enabled: 1
  m_EditorHideFlags: 0
  m_Script: {fileID: -619905303, guid: f5f67c52d1564df4a8936ccd202a3bd8, type: 3}
  m_Name: 
  m_EditorClassIdentifier: 
  m_FirstSelected: {fileID: 0}
  m_sendNavigationEvents: 1
  m_DragThreshold: 5
--- !u!4 &1421279282
Transform:
  m_ObjectHideFlags: 0
  m_PrefabParentObject: {fileID: 0}
  m_PrefabInternal: {fileID: 0}
  m_GameObject: {fileID: 1421279279}
  m_LocalRotation: {x: 0, y: 0, z: 0, w: 1}
  m_LocalPosition: {x: 0, y: 0, z: 0}
  m_LocalScale: {x: 1, y: 1, z: 1}
  m_Children: []
  m_Father: {fileID: 0}
  m_RootOrder: 3
  m_LocalEulerAnglesHint: {x: 0, y: 0, z: 0}
--- !u!1 &1578922951
GameObject:
  m_ObjectHideFlags: 0
  m_PrefabParentObject: {fileID: 163940, guid: ee3eae92beca6b5478454ea7caebffda, type: 2}
  m_PrefabInternal: {fileID: 0}
  serializedVersion: 5
  m_Component:
  - component: {fileID: 1578922952}
  m_Layer: 0
  m_Name: ForwardDirection
  m_TagString: Untagged
  m_Icon: {fileID: 0}
  m_NavMeshLayer: 0
  m_StaticEditorFlags: 0
  m_IsActive: 1
--- !u!4 &1578922952
Transform:
  m_ObjectHideFlags: 0
  m_PrefabParentObject: {fileID: 463872, guid: ee3eae92beca6b5478454ea7caebffda, type: 2}
  m_PrefabInternal: {fileID: 0}
  m_GameObject: {fileID: 1578922951}
  m_LocalRotation: {x: 0, y: 0, z: 0, w: 1}
  m_LocalPosition: {x: 0, y: 0, z: 0}
  m_LocalScale: {x: 1, y: 1, z: 1}
  m_Children: []
  m_Father: {fileID: 930149184}
  m_RootOrder: 0
  m_LocalEulerAnglesHint: {x: 0, y: 0, z: 0}
--- !u!1 &1815828334
GameObject:
  m_ObjectHideFlags: 0
  m_PrefabParentObject: {fileID: 0}
  m_PrefabInternal: {fileID: 0}
  serializedVersion: 5
  m_Component:
  - component: {fileID: 1815828338}
  - component: {fileID: 1815828337}
  - component: {fileID: 1815828336}
  - component: {fileID: 1815828335}
  m_Layer: 0
  m_Name: Cube
  m_TagString: Untagged
  m_Icon: {fileID: 0}
  m_NavMeshLayer: 0
  m_StaticEditorFlags: 0
  m_IsActive: 1
--- !u!23 &1815828335
MeshRenderer:
  m_ObjectHideFlags: 0
  m_PrefabParentObject: {fileID: 0}
  m_PrefabInternal: {fileID: 0}
  m_GameObject: {fileID: 1815828334}
  m_Enabled: 1
  m_CastShadows: 1
  m_ReceiveShadows: 1
  m_DynamicOccludee: 1
  m_MotionVectors: 1
  m_LightProbeUsage: 1
  m_ReflectionProbeUsage: 1
  m_Materials:
  - {fileID: 10303, guid: 0000000000000000f000000000000000, type: 0}
  m_StaticBatchInfo:
    firstSubMesh: 0
    subMeshCount: 0
  m_StaticBatchRoot: {fileID: 0}
  m_ProbeAnchor: {fileID: 0}
  m_LightProbeVolumeOverride: {fileID: 0}
  m_ScaleInLightmap: 1
  m_PreserveUVs: 1
  m_IgnoreNormalsForChartDetection: 0
  m_ImportantGI: 0
  m_StitchLightmapSeams: 0
  m_SelectedEditorRenderState: 3
  m_MinimumChartSize: 4
  m_AutoUVMaxDistance: 0.5
  m_AutoUVMaxAngle: 89
  m_LightmapParameters: {fileID: 0}
  m_SortingLayerID: 0
  m_SortingLayer: 0
  m_SortingOrder: 0
--- !u!65 &1815828336
BoxCollider:
  m_ObjectHideFlags: 0
  m_PrefabParentObject: {fileID: 0}
  m_PrefabInternal: {fileID: 0}
  m_GameObject: {fileID: 1815828334}
  m_Material: {fileID: 0}
  m_IsTrigger: 0
  m_Enabled: 1
  serializedVersion: 2
  m_Size: {x: 1, y: 1, z: 1}
  m_Center: {x: 0, y: 0, z: 0}
--- !u!33 &1815828337
MeshFilter:
  m_ObjectHideFlags: 0
  m_PrefabParentObject: {fileID: 0}
  m_PrefabInternal: {fileID: 0}
  m_GameObject: {fileID: 1815828334}
  m_Mesh: {fileID: 10202, guid: 0000000000000000e000000000000000, type: 0}
--- !u!4 &1815828338
Transform:
  m_ObjectHideFlags: 0
  m_PrefabParentObject: {fileID: 0}
  m_PrefabInternal: {fileID: 0}
  m_GameObject: {fileID: 1815828334}
  m_LocalRotation: {x: 0, y: 0, z: 0, w: 1}
  m_LocalPosition: {x: 733.7896, y: 350.0654, z: -566.563}
  m_LocalScale: {x: 3.0458999, y: 2.5924675, z: 3.4586184}
  m_Children: []
  m_Father: {fileID: 0}
  m_RootOrder: 4
  m_LocalEulerAnglesHint: {x: 0, y: 0, z: 0}
--- !u!1 &1879895296
GameObject:
  m_ObjectHideFlags: 0
  m_PrefabParentObject: {fileID: 163884, guid: ee3eae92beca6b5478454ea7caebffda, type: 2}
  m_PrefabInternal: {fileID: 0}
  serializedVersion: 5
  m_Component:
  - component: {fileID: 1879895297}
  - component: {fileID: 1879895299}
  - component: {fileID: 1879895298}
  m_Layer: 0
  m_Name: OVRCameraRig
  m_TagString: Untagged
  m_Icon: {fileID: 0}
  m_NavMeshLayer: 0
  m_StaticEditorFlags: 0
  m_IsActive: 1
--- !u!4 &1879895297
Transform:
  m_ObjectHideFlags: 0
  m_PrefabParentObject: {fileID: 463866, guid: ee3eae92beca6b5478454ea7caebffda, type: 2}
  m_PrefabInternal: {fileID: 0}
  m_GameObject: {fileID: 1879895296}
  m_LocalRotation: {x: 0, y: 0, z: 0, w: 1}
  m_LocalPosition: {x: 0, y: 0, z: 0}
  m_LocalScale: {x: 1, y: 1, z: 1}
  m_Children:
  - {fileID: 1064629551}
  m_Father: {fileID: 930149184}
  m_RootOrder: 1
  m_LocalEulerAnglesHint: {x: 0, y: 0, z: 0}
--- !u!114 &1879895298
MonoBehaviour:
  m_ObjectHideFlags: 0
  m_PrefabParentObject: {fileID: 11463884, guid: ee3eae92beca6b5478454ea7caebffda,
    type: 2}
  m_PrefabInternal: {fileID: 0}
  m_GameObject: {fileID: 1879895296}
  m_Enabled: 1
  m_EditorHideFlags: 0
  m_Script: {fileID: 11500000, guid: 7e933e81d3c20c74ea6fdc708a67e3a5, type: 3}
  m_Name: 
  m_EditorClassIdentifier: 
  queueAhead: 1
  useRecommendedMSAALevel: 0
  enableAdaptiveResolution: 0
  minRenderScale: 0.7
  maxRenderScale: 1
  expandMixedRealityCapturePropertySheet: 0
  enableMixedReality: 0
  compositionMethod: 0
  extraHiddenLayers:
    serializedVersion: 2
    m_Bits: 0
  capturingCameraDevice: 0
  flipCameraFrameHorizontally: 0
  flipCameraFrameVertically: 0
  handPoseStateLatency: 0
  sandwichCompositionRenderLatency: 0
  sandwichCompositionBufferedFrames: 8
  chromaKeyColor: {r: 0, g: 1, b: 0, a: 1}
  chromaKeySimilarity: 0.6
  chromaKeySmoothRange: 0.03
  chromaKeySpillRange: 0.06
  useDynamicLighting: 0
  depthQuality: 1
  dynamicLightingSmoothFactor: 8
  dynamicLightingDepthVariationClampingValue: 0.001
  virtualGreenScreenType: 0
  virtualGreenScreenTopY: 10
  virtualGreenScreenBottomY: -10
  virtualGreenScreenApplyDepthCulling: 0
  virtualGreenScreenDepthTolerance: 0.2
  _trackingOriginType: 0
  usePositionTracking: 1
  useRotationTracking: 1
  useIPDInPositionTracking: 1
  resetTrackerOnLoad: 1
--- !u!114 &1879895299
MonoBehaviour:
  m_ObjectHideFlags: 0
  m_PrefabParentObject: {fileID: 11463886, guid: ee3eae92beca6b5478454ea7caebffda,
    type: 2}
  m_PrefabInternal: {fileID: 0}
  m_GameObject: {fileID: 1879895296}
  m_Enabled: 1
  m_EditorHideFlags: 0
  m_Script: {fileID: 11500000, guid: df9f338034892c44ebb62d97894772f1, type: 3}
  m_Name: 
  m_EditorClassIdentifier: 
  usePerEyeCameras: 0
  useFixedUpdateForTracking: 0
--- !u!1 &2012254352
GameObject:
  m_ObjectHideFlags: 0
  m_PrefabParentObject: {fileID: 0}
  m_PrefabInternal: {fileID: 0}
  serializedVersion: 5
  m_Component:
  - component: {fileID: 2012254353}
  - component: {fileID: 2012254355}
  - component: {fileID: 2012254354}
  m_Layer: 5
  m_Name: Text
  m_TagString: Untagged
  m_Icon: {fileID: 0}
  m_NavMeshLayer: 0
  m_StaticEditorFlags: 0
  m_IsActive: 1
--- !u!224 &2012254353
RectTransform:
  m_ObjectHideFlags: 0
  m_PrefabParentObject: {fileID: 0}
  m_PrefabInternal: {fileID: 0}
  m_GameObject: {fileID: 2012254352}
  m_LocalRotation: {x: 0, y: 0, z: 0, w: 1}
  m_LocalPosition: {x: 0, y: 0, z: 0}
  m_LocalScale: {x: 1, y: 1, z: 1}
  m_Children: []
  m_Father: {fileID: 938625590}
  m_RootOrder: 0
  m_LocalEulerAnglesHint: {x: 0, y: 0, z: 0}
  m_AnchorMin: {x: 0.5, y: 0.5}
  m_AnchorMax: {x: 0.5, y: 0.5}
  m_AnchoredPosition: {x: 6, y: 24}
  m_SizeDelta: {x: 658.8, y: 154}
  m_Pivot: {x: 0.5, y: 0.5}
--- !u!114 &2012254354
MonoBehaviour:
  m_ObjectHideFlags: 0
  m_PrefabParentObject: {fileID: 0}
  m_PrefabInternal: {fileID: 0}
  m_GameObject: {fileID: 2012254352}
  m_Enabled: 1
  m_EditorHideFlags: 0
  m_Script: {fileID: 708705254, guid: f5f67c52d1564df4a8936ccd202a3bd8, type: 3}
  m_Name: 
  m_EditorClassIdentifier: 
  m_Material: {fileID: 0}
  m_Color: {r: 1, g: 0, b: 0, a: 1}
  m_RaycastTarget: 1
  m_OnCullStateChanged:
    m_PersistentCalls:
      m_Calls: []
    m_TypeName: UnityEngine.UI.MaskableGraphic+CullStateChangedEvent, UnityEngine.UI,
      Version=1.0.0.0, Culture=neutral, PublicKeyToken=null
  m_FontData:
    m_Font: {fileID: 10102, guid: 0000000000000000e000000000000000, type: 0}
    m_FontSize: 59
    m_FontStyle: 0
    m_BestFit: 0
    m_MinSize: 10
    m_MaxSize: 83
    m_Alignment: 4
    m_AlignByGeometry: 0
    m_RichText: 1
    m_HorizontalOverflow: 0
    m_VerticalOverflow: 0
    m_LineSpacing: 1
  m_Text: 'GAME OVER '
--- !u!222 &2012254355
CanvasRenderer:
  m_ObjectHideFlags: 0
  m_PrefabParentObject: {fileID: 0}
  m_PrefabInternal: {fileID: 0}
  m_GameObject: {fileID: 2012254352}
--- !u!1 &2083099979
GameObject:
  m_ObjectHideFlags: 0
  m_PrefabParentObject: {fileID: 163888, guid: ee3eae92beca6b5478454ea7caebffda, type: 2}
  m_PrefabInternal: {fileID: 0}
  serializedVersion: 5
  m_Component:
  - component: {fileID: 2083099980}
  m_Layer: 0
  m_Name: TrackerAnchor
  m_TagString: Untagged
  m_Icon: {fileID: 0}
  m_NavMeshLayer: 0
  m_StaticEditorFlags: 0
  m_IsActive: 1
--- !u!4 &2083099980
Transform:
  m_ObjectHideFlags: 0
  m_PrefabParentObject: {fileID: 463868, guid: ee3eae92beca6b5478454ea7caebffda, type: 2}
  m_PrefabInternal: {fileID: 0}
  m_GameObject: {fileID: 2083099979}
  m_LocalRotation: {x: 0, y: 0, z: 0, w: 1}
  m_LocalPosition: {x: 0, y: 0, z: 0}
  m_LocalScale: {x: 1, y: 1, z: 1}
  m_Children: []
  m_Father: {fileID: 1064629551}
  m_RootOrder: 3
  m_LocalEulerAnglesHint: {x: 0, y: 0, z: 0}
